%% This BibTeX bibliography file was created using BibDesk.
%% http://bibdesk.sourceforge.net/


%% Created for Arvind de Menezes Pereira at 2013-08-14 20:48:43 -0700 


%% Saved with string encoding Unicode ({{UTF}}-8) 



@article{de-Menezes-Pereira-2013-801,
Author = {Arvind A. de Menezes Pereira and Jonathan Binney and Geoffrey A. Hollinger and Gaurav S. Sukhatme},
	Date-Modified = {2013-08-14 20:45:42 -0700},
	Doi = {10.1002/rob.21472},
	Journal = {Journal of Field Robotics},
	Month = {Oct},
	Number = {5},
	Pages = {741-762},
	Title = {{{Risk-aware path planning for Autonomous Underwater Vehicles using predictive ocean models}}},
	Url = {/publications/801/},
	Volume = {30},
	Year = {2013},
	Bdsk-Url-1 = {/publications/801/},
	Bdsk-Url-2 = {http://dx.doi.org/10.1002/rob.21472}}

@inproceedings{Hollinger-2013-782,
Author = {Geoffrey A. Hollinger and Arvind A. de Menezes Pereira and Gaurav S. Sukhatme},
	Booktitle = {{{International Conference on Robotics and Automation}}},
	Date-Modified = {2013-08-14 20:45:50 -0700},
	Pages = {5573-5579},
	Title = {{{Learning Uncertainty Models for Reliable Operation of Autonomous Underwater Vehicles}}},
	Url = {/publications/782/},
	Year = {2013},
	Bdsk-Url-1 = {/publications/782/}}

@inproceedings{Hollinger-2012-775,
	Address = {Sydney, Australia},
Author = {Geoffrey A. Hollinger and Arvind A. de Menezes Pereira and Valerio Ortenzi and Gaurav S. Sukhatme},
	Booktitle = {{{Robotics: Science and Systems Workshop on Robotics for Environmental Monitoring}}},
	Date-Modified = {2013-08-14 20:46:11 -0700},
	Month = {Jul},
	Title = {{{Towards Improved Prediction of Ocean Processes Using Statistical Machine Learning}}},
	Url = {/publications/775/},
	Year = {2012},
	Bdsk-Url-1 = {/publications/775/}}

@inproceedings{de-Menezes-Pereira-2011-732,
Author = {Arvind A. de Menezes Pereira and Jonathan Binney and Burton H. Jones and Matthew Ragan and Gaurav S. Sukhatme},
	Booktitle = {{{International Conference on Intelligent Robots and Systems}}},
	Date-Modified = {2013-08-14 20:46:29 -0700},
	Month = {Sep},
	Pages = {3147-3153},
	Title = {{{Toward Risk Aware Mission Planning for Autonomous Underwater Vehicles}}},
	Url = {/publications/732/},
	Year = {2011},
	Bdsk-Url-1 = {/publications/732/}}

@techreport{de-Menezes-Pereira-2011-802,
	Address = {Los Angeles, {{CA}}, {{USA}}},
Author = {Arvind A. de Menezes Pereira and Gaurav S. Sukhatme},
	Date-Modified = {2013-08-14 20:36:08 -0700},
	Institution = {{{Center for Robotics and Embedded Systems}}},
	Number = {{{CRES}}-12-001},
	Title = {Minimum-risk Time-Expanded planning for {{AUV}}s using Ocean Current Predictions},
	Url = {/publications/802/},
	Year = {2011},
	Bdsk-Url-1 = {/publications/802/}}

@article{Smith-2010-627,
	Author = {Ryan N. Smith and Jnaneshwar Das and Hordur K. Heidarsson and Arvind A. de Menezes Pereira and Filippo Arrichiello and Ivona Cetinic and Lindsay Darjany and Marie-Eve Garneau and Meredith D. Howard and Carl Oberg and Matthew Ragan and Erica Seubert and Ellen C. Smith and Beth Stauffer and Astrid Schnetzer and Gerardo Toro-Farmer and David A. Caron and Burton H. Jones and Gaurav S. Sukhatme},
	Date-Modified = {2013-08-14 20:48:19 -0700},
	Journal = {{{IEEE}} Robotics and Automation Magazine},
	Month = {Mar},
	Number = {1},
	Pages = {20-30},
	Title = {{{{{{{USC}}}}}} {{{{{{CINAPS}}}}}} Builds Bridges: Observing and Monitoring the Southern {{C}}alifornia Bight},
	Url = {/publications/627/},
	Volume = {17},
	Year = {2010},
	Bdsk-Url-1 = {/publications/627/}}

@inproceedings{de-Menezes-Pereira-2010-656,
	Address = {Sydney, Australia},
Author = {Arvind A. de Menezes Pereira and Gaurav S. Sukhatme},
	Booktitle = {{{{{{{IEEE}}}}}} {{{{{{OCEANS}}}}}}},
	Month = {May},
	Title = {Estimation of wave parameters from accelerometry data to aid {{AUV}}-shore communication},
	Url = {/publications/656/},
	Year = {2010},
	Bdsk-Url-1 = {/publications/656/}}

@inproceedings{Smith-2010-638,
Author = {Ryan N. Smith and Arvind A. de Menezes Pereira and Yi Chao and Peggy P. Li and David A. Caron and Burton H. Jones and Gaurav S. Sukhatme},
	Booktitle = {International Conference on Robotics and Automation},
	Date-Modified = {2013-08-14 20:48:32 -0700},
	Pages = {4770-4777},
	Title = {Autonomous Underwater Vehicle Trajectory Design Coupled with Predictive Ocean Models: A Case Study},
	Url = {/publications/638/},
	Year = {2010},
	Bdsk-Url-1 = {/publications/638/}}

@inproceedings{Smith-2009-626,
	Address = {Berkeley, {{CA}}},
Author = {Ryan N. Smith and Jnaneshwar Das and Hordur K. Heidarsson and Arvind A. de Menezes Pereira and David A. Caron and Burton H. Jones and Gaurav S. Sukhatme},
	Booktitle = {{{ACM}} International Workshop on UnderWater Networks},
	Month = {Nov},
	Title = {Implementation of an Embedded Sensor Network for the Coordination of Slocum Gliders for Coastal Monitoring and Observation},
	Url = {/publications/626/},
	Year = {2009},
	Bdsk-Url-1 = {/publications/626/}}

@inproceedings{Pedro-Aguiar-2009-770,
	Address = {Guaruja ({{SP}}), Brazil},
Author = {Antonio P. Pedro Aguiar and Joao F. Almeida and Mohammadreza Bayat and Bruno Cardeira and Rita Cunha and Andreas Hausler and Pramod K. Maurya and Antonio Oliveira and Antonio Pascoal and Arvind A. de Menezes Pereira and Manuel Rufino and Luis Sebastiao and Carlos Silvestre and Francisco Vanni},
	Booktitle = {Manoeuvering and Control of Marine Craft},
	Month = {Sep},
	Title = {Cooperative Control of Multiple Marine Vehicles Theoretical Challenges and Practical Issues},
	Url = {/publications/770/},
	Year = {2009},
	Bdsk-Url-1 = {/publications/770/}}

@inproceedings{de-Menezes-Pereira-2009-619,
	Address = {Cambridge, Massachusetts},
Author = {Arvind A. de Menezes Pereira and Hordur K. Heidarsson and Carl Oberg and David A. Caron and Burton H. Jones and Gaurav S. Sukhatme},
	Booktitle = {The 7th International Conference on Field and Service Robots},
	Month = {Jul},
	Title = {A Communication Framework for Cost-effective Operation of {{AUV}}s in Coastal Regions},
	Url = {/publications/619/},
	Year = {2009},
	Bdsk-Url-1 = {/publications/619/}}

@inproceedings{Smith-2009-636,
	Address = {Boston, {{MA}}},
Author = {Ryan N. Smith and Beth Stauffer and Jnaneshwar Das and Hordur K. Heidarsson and Arvind A. de Menezes Pereira and Yi Chao and Lindsay Darjany and Ivona Cetinic and Deborah Estrin and Carl Oberg and Matthew Ragan and Burton H. Jones and Gaurav S. Sukhatme and David A. Caron},
	Booktitle = {Proceedings of the Conference on Coastal Environmental Sensing Networks},
	Month = {Jul},
	Pages = {5-7},
	Title = {Design and Implementation of Sensor Networks for the Observation and Research of Harmful Algal Blooms in Southern California Coastal Waters},
	Url = {/publications/636/},
	Year = {2009},
	Bdsk-Url-1 = {/publications/636/}}

@inproceedings{Arrichiello-2009-618,
	Address = {Cambridge, Massachusetts},
Author = {Filippo Arrichiello and Jnaneshwar Das and Hordur K. Heidarsson and Arvind A. de Menezes Pereira and Stefano Chiaverini and Gaurav S. Sukhatme},
	Booktitle = {The 7th International Conference on Field and Service Robots},
	Month = {Jul},
	Title = {Multi-Robot Collaboration with Range-Limited Communication: Experiments with Two Underactuated {{ASV}}s},
	Url = {/publications/618/},
	Year = {2009},
	Bdsk-Url-1 = {/publications/618/}}

@inproceedings{Arrichiello-2009-617,
	Address = {Odense, Denmark},
Author = {Filippo Arrichiello and Daniel N. Liu and Srinivas Yerramalli and Arvind A. de Menezes Pereira and Jnaneshwar Das and Urbashi Mitra and Gaurav S. Sukhatme},
	Booktitle = {International Conference on Robot Communication and Coordination},
	Month = {Mar},
	Title = {Effects of underwater communication constraints on the control of marine robot teams},
	Url = {/publications/617/},
	Year = {2009},
	Bdsk-Url-1 = {/publications/617/}}

@inproceedings{Pedro-Aguiar-2009-664,
Author = {Antonio P. Pedro Aguiar and Joao F. Almeida and Mohammadreza Bayat and Bruno Cardeira and Rita Cunha and Andreas Hausler and Pramod K. Maurya and Antonio Oliveira and Antonio Pascoal and Arvind A. de Menezes Pereira and Manuel Rufino and Luis Sebastiao and Carlos Silvestre and Francisco Vanni},
	Booktitle = {{{{{{{IEEE}}}}}} {{{{{{OCEANS}}}}}}},
	Title = {Cooperative Autonomous Marine Vehicle Motion Control in the scope of the {{EU}} {{GREX}} Project: Theory and Practice},
	Url = {/publications/664/},
	Year = {2009},
	Bdsk-Url-1 = {/publications/664/}}

@article{Caron-2008-558,
Author = {David A. Caron and Beth Stauffer and Steffi Moorthi and Amarjeet Singh and Maxim Batalin and Eric Graham and Mark Hansen and William Kaiser and Jnaneshwar Das and Arvind A. de Menezes Pereira and Amit Dhariwal and Bin Zhang and Carl Oberg and Gaurav S. Sukhatme},
	Date-Modified = {2013-08-14 20:38:44 -0700},
	Journal = {Journal of Limnology and Oceanography},
	Number = {5},
	Pages = {2333-2349},
	Title = {Macro- to fine-scale spatial and temporal distributions and dynamics of phytoplankton and their environmental driving forces in a small subalpine lake in southern {{C}}alifornia, {{USA}}},
	Url = {/publications/558/},
	Volume = {53},
	Year = {2008},
	Bdsk-Url-1 = {/publications/558/}}

@inproceedings{Kelly-2008-590,
	Address = {Chicago, Il},
Author = {Jonathan Kelly and Jonathan Binney and Arvind A. de Menezes Pereira and Omair Khan and Gaurav S. Sukhatme},
	Booktitle = {{{{{AAAI}}}} 2008 {{{{AI}}}} Education Colloquium},
	Month = {Jul},
	Note = {Also appears in {{{{{{{{AAAI}}}}}}}} Technical Report {{{{{{{{WS}}}}}}}}-08-02 pp. 50-55. {{{{{{{{AAAI}}}}}}}} Press, Menlo Park, {{{{{{{{CA}}}}}}}}},
	Title = {Just Add Wheels: Leveraging Commodity Laptop Hardware for Robotics and {{AI}} Education},
	Url = {/publications/590/},
	Year = {2008},
	Bdsk-Url-1 = {/publications/590/}}

@inproceedings{de-Menezes-Pereira-2008-584,
Author = {Arvind A. de Menezes Pereira and Jnaneshwar Das and Gaurav S. Sukhatme},
	Booktitle = {International Conference on Intelligent Robots and Systems},
	Pages = {3164-3171},
	Title = {An Experimental Study of Station Keeping on an Underactuated {{ASV}}},
	Url = {/publications/584/},
	Year = {2008},
	Bdsk-Url-1 = {/publications/584/}}

@article{Desa-2007-581,
Author = {Elgar Desa and Pramod K. Maurya and Arvind A. de Menezes Pereira and Antonio Pascoal and R G. Prabhudesai and Antonio Mascarenhas and Ehrlich Desa and R Madhan and S G. P. Matondkar and Gajanan Navelkar and Shivanand Prabhudesai and Sanjeev Afzulpurkar},
	Journal = {{{IEEE}} Journal of Oceanic Engineering},
	Month = {Apr},
	Number = {2},
	Pages = {353-364},
	Title = {A Small Autonomous Surface Vehicle for Ocean Color Remote Sensing},
	Url = {/publications/581/},
	Volume = {32},
	Year = {2007},
	Bdsk-Url-1 = {/publications/581/}}

@article{Singh-2007-557,
Author = {Amarjeet Singh and Maxim Batalin and Michael Stealey and Bin Zhang and Amit Dhariwal and Beth Stauffer and Steffi Moorthi and Carl Oberg and Arvind A. de Menezes Pereira and Victor Chen and Y Lam and David A. Caron and Mark Hansen and William Kaiser and Gaurav S. Sukhatme},
	Journal = {Journal of Field Robotics},
	Number = {11},
	Pages = {969-989},
	Title = {Human Assisted Robotic Team Campaigns for Aquatic Monitoring},
	Url = {/publications/557/},
	Volume = {24},
	Year = {2007},
	Bdsk-Url-1 = {/publications/557/}}

@mastersthesis{de-Menezes-Pereira-2007-582,
	Address = {Los Angeles, {{CA}}, {{USA}}},
Author = {Arvind A. de Menezes Pereira},
	Month = {May},
	Title = {Navigation and Guidance of an Autonomous Surface Vehicle},
	Type = {Electrical Engineering},
	Url = {/publications/582/},
	Year = {2007},
	Bdsk-Url-1 = {/publications/582/}}

@article{Joseph-2006-583,
Author = {Antony Joseph and J T. Odametey and E K. Nkebi and Arvind A. de Menezes Pereira and R G. Prabhudesai and Prakash Mehra and A B. Rabinovich and Vijay Kumar and Shivanand Prabhudesai and P Woodworth},
	Date-Modified = {2013-08-14 20:39:20 -0700},
	Journal = {African Journal of Marine Science},
	Month = {Nov},
	Number = {3},
	Pages = {705-712},
	Title = {The 26 {{December}} 2004 {{S}}umatra tsunami recorded on the coast of West {{A}}frica},
	Url = {/publications/583/},
	Volume = {28},
	Year = {2006},
	Bdsk-Url-1 = {/publications/583/}}

@inproceedings{de-Menezes-Pereira-2003-665,
Author = {Arvind A. de Menezes Pereira and R G. Prabhudesai and Ehrlich Desa and Antony Joseph and Vijay Kumar K. Kanojia and Anand Methar and Anil Shirgaonkar and Vimala Damodaran},
	Booktitle = {Proceedings of the National Symposium on Ocean Electronics},
	Month = {Dec},
	Pages = {60-70},
	Publisher = {Allied. New Delhi, India},
	Title = {Rabbit-core based sea-level logger using semiconductor transducer},
	Url = {/publications/665/},
	Year = {2003},
	Bdsk-Url-1 = {/publications/665/}}
